=LDR  02183ntm a2200349 a 4500
=001  120
=008  020506s1341\\\\enk\\\\\|\\\\||||\||lat||
=035  \\$92980001058
=245  00$aGreat Eversden, Cambridgeshire: Deed of Gift, 1341.
=260  \\$aGreat Eversden, Cambridgeshire,$c1341.
=300  \\$a1 item (parchment) :$bCondition A1.
=500  \\$aGreat and Little Eversden, Cambridgeshire: deed of gift, 1341.
=500  \\$aJohn, son of Henry 'le Smyth' of Great Eversden confirms his gift (with warranty) to John, son of William 'le Smyth' of the same place, of one messuage with a croft in Great Eversden, bounded on both sides by the highway and abutting on the west upon land formerly belonging to Lord Robert de Ho', together with all his lands and tenements in the village or fields of Great and Little Eversden, apart from two selions: one over Westhowe and the other against the Rede Made, abutting on the field of Harlton. The lands will revert to the donor if the donee remains childless.
=500  \\$aAt Great Eversden, Trinity Sunday, 15 Edward III, [3 June 1341], deed poll, witnessed by Henry le Clerk', Henry the son of Roger le Clerk', John West, Henry Manchel, Richard Fynor, Richard de Bokesworth, and many others. Surnames 'le Smyth' and 'Faber' are used quite interchangeably. Seal wanting. Endorsed in pencil: '30'.
=524  \\$aCambridge University Library, Doc. MS. 3640.
=541  \\$aHarrison, R. G.;$cGift;$d1941 May.
=600  00$aJohn,$cson of Henry le Smith of Great Eversden,$dfl. 1341.
=600  00$aJohn,$cson of William le Smith,$dfl. 1341.
=600  00$aHenry,$cson of Roger Clerk,$dfl. 1341.
=600  00$aHenry,$cle Smith, of Great Eversden.
=600  00$aRobert,$cde Ho.
=600  00$aWilliam,$cle Smith, of Great Eversden.
=600  10$aClerk, Henry,$dfl. 1341.
=600  10$aClerk, Roger.
=600  10$aWest, John,$dfl. 1341.
=600  10$aManchel, Henry,$dfl. 1341.
=600  10$aFynor, Richard,$dfl. 1341.
=600  00$aRichard,$cde Boxworth,$dfl. 1341.
=651  \0$aCambridgeshire (England)$xSocial conditions.
=651  \0$aLittle Eversden (England)$xHistory.
=651  \0$aGreat Eversden (England)$xHistory.
=830  \0$aMS.Doc.

