=LDR  01833ntm a2200289 a 4500
=001  25
=008  020506s1838\\\\enk\\\\\|\\\\||||\||eng||
=035  \\$92980001651
=245  10$aSutton, Cambridgeshire: Conveyance by Enfeoffment.
=260  \\$a[Sutton, Cambridgeshire],$c1838.
=300  \\$a1 item (vellum) :$bCondition A1.
=500  \\$aIn consideration of {Dstrok}36, Hannah Feast of Sutton, widow, formerly Hannah Haddock, grants and enfeoffs to Benjamin Bedingham of Sutton, yeoman, and his heirs her two acres and one rood of land lying in two places in Medlands, Sutton, formerly part of the estate of her late husband Benjamin Haddock of Sutton, farmer.
=500  \\$a25/6 Oct. 1838, the mark and seal of Hannah Feast, witnessed by Robert Tubbs [or Jubbs] of Sutton and Thomas Archer jnr of Ely, duty stamps. Endorsed with receipt for consideration money, same date and signatures. Further endorsed with certificate of livery of seisin, dated the following day and witnessed by Josiah ?Bircher and Thomas Haddock. Form of indenture supplied by John Smith of Long Acre, parchment-dealer, and Silvester and Co. of The Strand, engravers.
=524  \\$aCambridge University Library, Doc. MS. 3701.
=541  \\$aLevington, A.;$cGift;$d1943 November.
=600  10$aHaddock, Thomas,$dfl. 1838.
=600  10$aVipan, John,$cesq.,$dfl. 1838.
=600  10$aFeast, Hannah,$cof Sutton, widow,$dfl. 1838.
=600  10$aLenton, John,$cof Sutton.
=600  10$aTubbs, Robert,$cof Sutton,$dfl. 1838.
=600  10$aBircher, Josiah,$dfl. 1838.
=600  10$aBedingham, Benjamin,$cof Sutton, yeoman,$dfl. 1838.
=600  10$aHaddock, Benjamin,$cof Sutton, farmer,$dd. before 1838.
=651  \0$aCambridgeshire (England)$xSocial conditions.
=651  \0$aSutton (Cambridgeshire, England)$xhistory.
=651  \0$aEly (England)$xhistory.
=830  \0$aMS.Doc.

