=LDR  01914ntm a2200265 a 4500
=001  464
=008  020506m16001608enk\\\\\|\\\\||||\||fre||
=035  \\$9298000071X
=245  00$aCalvin's Case; Commonplace.
=260  \\$aEngland,$cca. 1608.
=300  \\$a1 v. (89 fols.) :$bCondition B1/C1 ;$c205 x 158 mm.
=500  \\$aReport on judgements in Calvin's case, and a legal commonplace, ca. 1600-08. In French.
=500  \\$a(19r-90r, continued in 16v, 12v, 10v, and 7v) Alphabetical commonplace from 'Advouson' to 'Wast', based on the year books and abridgments, and Dyer's printed reports. This seems to be the original part of the volume. The date of compilation is within the period 1586-1605. (4v- 18r, continued on 87r-82r) Roughly written report of the judgments in the Exchequer Chamber in Calvin v. Smith (1608), concerning the post-nati. This case is more fully reported in 7 Co. Rep. 1. (1r-4r) Notes in English on tithes, possibly from a reading on 2 Edw. VI, c. 13, interspersed with misc. legal notes in French. this was written after 1606, as 4 Co. Rep. is cited.
=500  \\$aOld pagination 1-180 from what is now the back of the volume; the foliation now runs 1-18, 89-19, so that 18v=90r.
=500  \\$axviii cent. Bowtell-style half russia, dark paper sides; red label on spine letterd 'TRACTS M.S.' Dd.11.47-53 bound together.
=510  3\$aListed in J. H. Baker, 'A Catalogue of English Legal Manuscripts in Cambridge University Library', p. 116
=524  \\$aCambridge University Library, Dd.11.53.
=540  \\$aPhotocopying of this item is not permitted.
=541  \\$aRoyal Library (?);$cGift;$d1715.
=561  \\$aPerhaps in the Royal Library 1715 (R, but no Geo. I bookplate).
=650  \0$aLaw$zEngland$xHistory$y17th century.
=650  \0$aLaw$zScotland$xHistory$y17th century.
=650  \0$aNaturalization$zGreat Britain.
=700  0\$aGeorge$bI,$cKing of England,$edonor.
=830  \0$aMS.Dd.

