=LDR  01062ntm a2200253 a 4500
=001  216
=008  020506m16661706enk\\\\\|\\\\||||\||lat||
=035  \\$92980003514
=041  0\$alat$aeng
=100  1\$aDriffield, Stephen.
=245  10$aAttorney's notebook, ca. 1666-1706.
=260  \\$aEngland,$c1666-1706.
=300  \\$a1 v. (198p.).
=351  \\$cItem.
=500  \\$aLegal notebook of two attorneys, possibly Stephen Driffield, ca. 1666-1675, and George Fothergill of Ripon, ca. 1695-1706, containing a formulary and notes of cases in Yorkshire and Westminster. In Latin and English.
=500  \\$aBrown cloth (19th century); old vellum cover.
=510  3\$aDescribed in: Baker and Ringrose, _Catalogue of English Legal Manuscripts in Cambridge University Library_, pp. 598-9
=524  \\$aCambridge University Library, Add. MS 6235.
=541  \\$aWhitaker, J.;$cPurchase;$d1920.
=650  \0$aLaw$zEngland$xHistory$y17th century$xSources.
=651  \0$aRipon (England)
=651  \0$aYorkshire (England)
=700  1\$aFothergill, George,$dfl. 1700.
=830  \0$aMS.Add.

